<?xml version="1.0" encoding="UTF-8"?><collection xmlns="http://www.loc.gov/MARC21/slim"><record><leader>00330nam--2200133-i-4500</leader><controlfield tag="001">000024229</controlfield><controlfield tag="002">20161230</controlfield><controlfield tag="005">20161230201035</controlfield><controlfield tag="008">060222s1000------------r-----000-0-eng-d</controlfield><datafield ind1=" " ind2=" " tag="080"><subfield code="a">681.325.652</subfield></datafield><datafield ind1=" " ind2=" " tag="100"><subfield code="a">Hutanu, Corneliu</subfield></datafield><datafield ind1=" " ind2=" " tag="245"><subfield code="a">Circuite logice si comenzi secventiale</subfield></datafield><datafield ind1=" " ind2=" " tag="260"><subfield code="a">Iasi, Junimea, 1983, 240 P</subfield></datafield><datafield ind1=" " ind2=" " tag="852"><subfield code="a">70939</subfield></datafield></record></collection>